%% LaTeX2e file `main.bib'
%% generated by the `filecontents' environment
%% from source `main' on 2022/10/24.
%%
 @article{ref1,
  author = {Smith, John},
  journal = {Very Important Journal},
  title = {Very Important Paper},
  year = {2000}
 }
 @article{ref2,
  author = {Smith, John},
  journal = {Another Very Important Journal},
  title = {Another Very Important Paper},
  year = {2001}
 }
